@article{mnih2015human,
  title={Human-level control through deep reinforcement learning},
  author={Mnih, Volodymyr and Kavukcuoglu, Koray and Silver, David and Rusu, Andrei A and Veness, Joel and Bellemare, Marc G and Graves, Alex and Riedmiller, Martin and Fidjeland, Andreas K and Ostrovski, Georg and others},
  journal={nature},
  volume={518},
  number={7540},
  pages={529--533},
  year={2015},
  publisher={Nature Publishing Group}
}




@article{xiao2017fashion,
  title={Fashion-mnist: a novel image dataset for benchmarking machine learning algorithms},
  author={Xiao, Han and Rasul, Kashif and Vollgraf, Roland},
  journal={arXiv preprint arXiv:1708.07747},
  year={2017}
}
@misc{pytrc,
   author = "人工智能遇见磐创",
   title = "深度学习框架Keras与Pytorch对比",
   year = "2022",
   howpublished = {\url{https://www.jianshu.com/p/f0b36e82df9c}},
   note = "[Online; accessed 12-April-2022]"
}
@misc{fsmnistg,
   author = "zalandoresearch",
   title = "Fashion-MNIST Benchmark",
   year = "2022",
   howpublished = {\url{https://github.com/zalandoresearch/fashion-mnist#:~:text=Rust-,Benchmark,-We%20built%20an}},
   note = "[Online; accessed 12-April-2022]"
}
@inproceedings{meshkini2019analysis,
  title={An analysis of convolutional neural network for fashion images classification (Fashion-MNIST)},
  author={Meshkini, Khatereh and Platos, Jan and Ghassemain, Hassan},
  booktitle={International Conference on Intelligent Information Technologies for Industry},
  pages={85--95},
  year={2019},
  organization={Springer}
}